<record><leader>00000cas a22000007a 4500</leader><controlfield tag="001">11498927</controlfield><controlfield tag="008">841215d18551856ohuwr ne      0    0eng d</controlfield><datafield ind1=" " ind2=" " tag="010"><subfield code="a">sn 84028859 </subfield></datafield><datafield ind1=" " ind2=" " tag="040"><subfield code="a">NPY</subfield><subfield code="b">eng</subfield><subfield code="c">NPY</subfield><subfield code="d">ONP</subfield><subfield code="d">OCLCQ</subfield></datafield><datafield ind1=" " ind2=" " tag="042"><subfield code="a">msc</subfield></datafield><datafield ind1="0" ind2=" " tag="130"><subfield code="a">North American (Newark, Ohio : 1855)</subfield></datafield><datafield ind1="1" ind2="4" tag="245"><subfield code="a">The North American.</subfield></datafield><datafield ind1=" " ind2=" " tag="260"><subfield code="a">Newark, Ohio :</subfield><subfield code="b">A.W. Stevens</subfield></datafield><datafield ind1=" " ind2=" " tag="300"><subfield code="a">v. ;</subfield><subfield code="c">63 cm.</subfield></datafield><datafield ind1=" " ind2=" " tag="310"><subfield code="a">Weekly</subfield></datafield><datafield ind1="1" ind2=" " tag="362"><subfield code="a">Began in July 1855; ceased in 1856?</subfield><subfield code="z">Cf. Gutgesell, S. Guide to Ohio newspapers, 1974.</subfield></datafield><datafield ind1=" " ind2=" " tag="500"><subfield code="a">"A progressive journal, containing politics, news, literary readings, markets, etc."</subfield></datafield><datafield ind1=" " ind2=" " tag="500"><subfield code="a">"Republican." Cf. Gutgesell, S. Guide to Ohio newspapers, 1974.</subfield></datafield><datafield ind1=" " ind2=" " tag="500"><subfield code="a">Editor: A.W. Stevens.</subfield></datafield><datafield ind1=" " ind2=" " tag="588"><subfield code="a">Description based on: Vol. 1, no. 15 (July 18, 1856).</subfield></datafield><datafield ind1="1" ind2=" " tag="700"><subfield code="a">Stevens, A. W.</subfield></datafield><datafield ind1=" " ind2=" " tag="752"><subfield code="a">United States</subfield><subfield code="b">Ohio</subfield><subfield code="c">Licking</subfield><subfield code="d">Newark.</subfield></datafield><datafield ind1="0" ind2="0" tag="785"><subfield code="t">Newark North American</subfield><subfield code="w">(DLC)sn 84028860</subfield></datafield><datafield ind1="1" ind2=" " tag="029"><subfield code="a">AU@</subfield><subfield code="b">000025799811</subfield></datafield></record>